<?xml version="1.0" encoding="UTF-8"?><collection><record><leader>07092ntm a2200637 a 4500</leader><controlfield tag="001">006803157</controlfield><controlfield tag="003">MiAaHDL</controlfield><controlfield tag="005">20190719000000.0</controlfield><controlfield tag="006">m        d        </controlfield><controlfield tag="007">cr bn ---auaua</controlfield><controlfield tag="008">090526s15uu    xx            00| ||per d</controlfield><datafield tag="035" ind1=" " ind2=" "><subfield code="a">(MiU)006803157</subfield></datafield><datafield tag="035" ind1=" " ind2=" "><subfield code="a">sdr-miu006803157</subfield></datafield><datafield tag="040" ind1=" " ind2=" "><subfield code="a">MiU</subfield><subfield code="c">MiU</subfield><subfield code="e">amremm</subfield></datafield><datafield tag="041" ind1="0" ind2=" "><subfield code="a">per</subfield><subfield code="a">ara</subfield></datafield><datafield tag="043" ind1=" " ind2=" "><subfield code="a">n-us-mi</subfield></datafield><datafield tag="100" ind1="1" ind2=" "><subfield code="6">880-01</subfield><subfield code="a">Qāḍī Mīr, Ḥusayn ibn Muʻīn al-Dīn,</subfield><subfield code="d">-1504 or 1505.</subfield></datafield><datafield tag="245" ind1="1" ind2="0"><subfield code="6">880-03</subfield><subfield code="a">Sharḥ-i Divān-i ʻAlī,</subfield><subfield code="f">[16th century?].</subfield></datafield><datafield tag="246" ind1="3" ind2=" "><subfield code="i">Title from spine label:</subfield><subfield code="a">شرح ديوان على</subfield></datafield><datafield tag="260" ind1=" " ind2=" "><subfield code="c">[15--?].</subfield></datafield><datafield tag="300" ind1=" " ind2=" "><subfield code="a">210 leaves ;</subfield><subfield code="b">paper ;</subfield><subfield code="c">250 x 177 (174 x 106) mm.</subfield></datafield><datafield tag="500" ind1=" " ind2=" "><subfield code="a">Shelfmark: Ann Arbor, University of Michigan, Special Collections Library, Isl. Ms. 260</subfield></datafield><datafield tag="500" ind1=" " ind2=" "><subfield code="a">Origin: Lacks dated scribal colophon ; decoration, paper, etc. may suggest 16th century ; authorial colophon on p.418 indicates date of composition Ṣafar 890 [February-March 1485].</subfield></datafield><datafield tag="500" ind1=" " ind2=" "><subfield code="a">Accompanying materials: a. Slip with notes (paginated pp.17-18) -- b. Blank slip (paginated pp.53-54) -- c. Slip with notes (paginated pp.99-100).</subfield></datafield><datafield tag="500" ind1=" " ind2=" "><subfield code="a">Former shelfmark: "١٢٦" possible former inventory mark on recto of front flyleaf ; "331 T. D. M. [i.e. Tammaro De Marinis]" inscribed in pencil on verso of front flyleaf.</subfield></datafield><datafield tag="500" ind1=" " ind2=" "><subfield code="a">Binding: Pasteboards covered in dark maroon leather with black leather over spine, fore edge flap, and edges/turn-ins (likely repairs) ; Type II binding (with flap) ; doublures in dark brown leather with central gold-painted four-lobed floral motif ; fore edge flap lined in green silk ; upper and lower covers carry stamped and gold-painted scalloped mandorla (filled with vegetal decoration, compare Déroche OAi 6), pendants, and corner pieces, along with gold-painted border ; sewn in dark green-blue thread, two stations ; worked chevron endbands in brown and cream (head) and dark green and cream (tail), fair condition ; overall in fair condition with some abrasion, lifting and losses of leather, etc. ; housed in box for protection.</subfield></datafield><datafield tag="500" ind1=" " ind2=" "><subfield code="a">Support: non-European (Persian) laid paper mainly with 6 laid lines per cm. (vertical) and no chain lines clearly visible, well-burnished to glossy, sturdy, transluscent, medium to dark cream in color ; toward close another crisp type with many inclusions (see p.387 to close) ; flyleaves in European laid paper (surface-dyed lavender and gold-flecked) ; added leaves at opening on European laid paper with watermarks of eagle, "GFA" and lion rampant in arms (see pp.1-4) ; staining and tide lines.</subfield></datafield><datafield tag="500" ind1=" " ind2=" "><subfield code="a">Decoration: Elegant illuminated headpiece (ʻunwān / sarlawḥ) appears at opening on p.6, consisting of rectangular piece with gold cartouche carrying the basmalah in white, overlaid with arabesque in green, surrounded by further vegetal decoration in gold, pink, blue, yellow, green, etc. on a field of lapis lazuli, and surounded by decorative band with blue crosses on a field of white and band of interlace in gold ; surmounted by another narrow rectangular piece containing similar vegetal design evoking arabesque on a field of lapis lazuli and surmounted by vertical stalks (tīgh) in blue ; keywords, abbreviation symbols, and text being commented upon in rubricated (light and dark red) ; textual dividers in the form inverted commas, letter hāʼ, etc. in red ; written area throughout surrounded by frame consisting of gold band flanked by black fillets with outermost blue rule (frame on incipit and facing page includes additional gold band) ; occasional diagrams in red and black (see p.20, 57, 87).</subfield></datafield><datafield tag="500" ind1=" " ind2=" "><subfield code="a">Script: Nastaʻlīq and naskh ; text of sharḥ in nastaʻlīq, excerpts of Arabic poetry being commented upon in naskh ; nastaʻlīq compact with slight effect of words descending to baseline, elongation of horizontal strokes, letterforms characteristic of nastaʻlīq ; Persianate naskh mainly serifless, quite vertical and somewhat stiff though descenders are mainly curvilinear, with pointing in distinct dots.</subfield></datafield><datafield tag="500" ind1=" " ind2=" "><subfield code="a">Layout: Written mainly in 21 lines per page ; frame-ruled.</subfield></datafield><datafield tag="500" ind1=" " ind2=" "><subfield code="a">Collation: i, I (2), *IV (9), 24 IV(201), IV+1 (210), i ; almost exclusively quaternions ; first two leaves of opening quaternion affixed to each other ; added leaves at opening of codex ruled for table of contents but left blank ; on pp.43-44 area within written area left blank (perhaps for diagrams or illustrations never realized) ; catchwords present ; foliation in red ink, Hindu-Arabic numerals ; pagination in pencil, Western numerals, supplied during digitization (includes inserts and added leaves and skips two pages each between pp.239-240, 237-238, and 267-268).</subfield></datafield><datafield tag="500" ind1=" " ind2=" "><subfield code="a">Explicit: "مهما ترى صف عقد من مديحهم في نظمه ود زهر الحق تضمينا"</subfield></datafield><datafield tag="500" ind1=" " ind2=" "><subfield code="a">Incipit: "سپاس وسعادة اساس وشكر عبادة لباس معبودى را كه اعلام نبوة وولاية در ميدان فتوة وهداية ..."</subfield></datafield><datafield tag="500" ind1=" " ind2=" "><subfield code="a">Title from inscription on 'title page' (p.5).</subfield></datafield><datafield tag="500" ind1=" " ind2=" "><subfield code="a">Ms. codex.</subfield></datafield><datafield tag="510" ind1="4" ind2=" "><subfield code="a">Ḥājjī Khalīfah. Kashf al-ẓunūn,</subfield><subfield code="c">iii, 297</subfield></datafield><datafield tag="510" ind1="4" ind2=" "><subfield code="a">Brockelmann, C. GAL,</subfield><subfield code="c">S II 294</subfield></datafield><datafield tag="510" ind1="4" ind2=" "><subfield code="a">Cat. Arab. MSS. Brit. Mus.,</subfield><subfield code="c">p.276</subfield></datafield><datafield tag="510" ind1="4" ind2=" "><subfield code="a">Cat. Pers. MSS. Brit. Mus.,</subfield><subfield code="c">p.19</subfield></datafield><datafield tag="510" ind1="4" ind2=" "><subfield code="a">Qāḍī Mīr Ḥusayn ibn Muʻīn al-Dīn Maybudī Yazdī. Sharḥ-i Dīvān-i mansūb bih Amīr al-Muʼminīn ʻAlī ibn Abī Ṭālib. Ḥasan Raḥmānī and Ibrāhīm Ashk Shīrīn (Eds.). Tihrān : Mīrās̲-i Maktūb, 2000.</subfield></datafield><datafield tag="520" ind1="8" ind2=" "><subfield code="a">Fine copy of the commentary by Qāḍī Mīr Ḥusayn ibn Muʻīn al-Dīn al-Maybūdī al-Yazdī (d.1504?) on the collection (dīwān) of Arabic poetry attributed to ʻAlī ibn Abī Ṭālib (ca. 600-661), opening with the Favātiḥ-i sabʻah.</subfield></datafield><datafield tag="538" ind1=" " ind2=" "><subfield code="a">Mode of access: Internet.</subfield></datafield><datafield tag="541" ind1=" " ind2=" "><subfield code="c">Purchase ;</subfield><subfield code="a">Acquired by purchase (funds donated by Horace Rackham).</subfield><subfield code="d">1924.</subfield></datafield><datafield tag="546" ind1=" " ind2=" "><subfield code="a">Persian and Arabic.</subfield></datafield><datafield tag="561" ind1=" " ind2=" "><subfield code="a">Inscription on upper doublure ; inscription in black ink "١٢٦" on front flyleaf recto ; inscription in pencil on verso of front flyleaf "331 T. D. M. [i.e. Tammaro De Marinis]" ; partially effaced collation statement on 'title page' (p.5) ; occasional glosses.</subfield></datafield><datafield tag="600" ind1="0" ind2="0"><subfield code="a">ʻAlī ibn Abī Ṭālib,</subfield><subfield code="c">Caliph,</subfield><subfield code="d">approximately 600-661.</subfield><subfield code="t">Poems.</subfield></datafield><datafield tag="650" ind1=" " ind2="0"><subfield code="a">Manuscripts, Arabic</subfield><subfield code="z">Michigan</subfield><subfield code="z">Ann Arbor.</subfield></datafield><datafield tag="650" ind1=" " ind2="0"><subfield code="a">Manuscripts, Persian</subfield><subfield code="z">Michigan</subfield><subfield code="z">Ann Arbor.</subfield></datafield><datafield tag="650" ind1=" " ind2="0"><subfield code="a">Sufism</subfield><subfield code="v">Early works to 1800.</subfield></datafield><datafield tag="650" ind1=" " ind2="0"><subfield code="a">Islamic philosophy</subfield><subfield code="v">Early works to 1800.</subfield></datafield><datafield tag="650" ind1=" " ind2="0"><subfield code="a">Arabic poetry</subfield><subfield code="y">622-750</subfield><subfield code="x">History and criticism</subfield><subfield code="v">Early works to 1800.</subfield></datafield><datafield tag="655" ind1=" " ind2="7"><subfield code="a">Headpieces (layout features)</subfield><subfield code="y">16th century.</subfield><subfield code="2">aat</subfield></datafield><datafield tag="700" ind1="0" ind2=" "><subfield code="a">Abdülhamid</subfield><subfield code="b">II,</subfield><subfield code="c">Sultan of the Turks,</subfield><subfield code="d">1842-1918,</subfield><subfield code="e">former owner.</subfield></datafield><datafield tag="773" ind1="0" ind2=" "><subfield code="a">Abdul Hamid Collection.</subfield></datafield><datafield tag="880" ind1="1" ind2="0"><subfield code="6">245-03/</subfield><subfield code="a">شرح دیوان علی,</subfield><subfield code="f">[قرن 16م؟].</subfield></datafield><datafield tag="880" ind1="1" ind2=" "><subfield code="6">100-01/</subfield><subfield code="a">قاضى مير، حسين بن معين الدين.</subfield></datafield><datafield tag="CID" ind1=" " ind2=" "><subfield code="a">006803157</subfield></datafield><datafield tag="DAT" ind1="0" ind2=" "><subfield code="a">20190719102636.0</subfield><subfield code="b">20190719000000.0</subfield></datafield><datafield tag="DAT" ind1="1" ind2=" "><subfield code="a">20190719090653.0</subfield><subfield code="b">2019-07-19T16:11:34Z</subfield></datafield><datafield tag="DAT" ind1="2" ind2=" "><subfield code="a">2015-10-02T18:00:03Z</subfield></datafield><datafield tag="CAT" ind1=" " ind2=" "><subfield code="a">SDR-MIU</subfield><subfield code="d">EX LIBRIS - ALEPH</subfield><subfield code="l">prepare.pl-004-008</subfield></datafield><datafield tag="FMT" ind1=" " ind2=" "><subfield code="a">BK</subfield></datafield><datafield tag="HOL" ind1=" " ind2=" "><subfield code="0">sdr-miu006803157</subfield><subfield code="a">MiU</subfield><subfield code="b">SDR</subfield><subfield code="c">MIU</subfield><subfield code="p">mdp.39015079126770</subfield><subfield code="s">MIU</subfield><subfield code="1">006803157</subfield></datafield><datafield tag="974" ind1=" " ind2=" "><subfield code="b">MIU</subfield><subfield code="c">MIU</subfield><subfield code="d">20190719</subfield><subfield code="s">lit-dlps-dc</subfield><subfield code="u">mdp.39015079126770</subfield><subfield code="y">1599</subfield><subfield code="r">pd</subfield><subfield code="q">bib</subfield><subfield code="t">non-US bib date1 &lt; 1879</subfield></datafield></record></collection>